<?xml version="1.0" encoding="UTF-8"?><record xmlns="http://www.loc.gov/MARC21/slim" xmlns:cinclude="http://apache.org/cocoon/include/1.0" xmlns:zs="http://www.loc.gov/zing/srw/">
  <leader>00955cz  a2200205n  4500</leader>
  <controlfield tag="001">n  50014187 </controlfield>
  <controlfield tag="003">DLC</controlfield>
  <controlfield tag="005">20130314074911.0</controlfield>
  <controlfield tag="008">800411n| azannaab           |a ana      </controlfield>
  <datafield tag="010" ind1=" " ind2=" ">
    <subfield code="a">n  50014187 </subfield>
  </datafield>
  <datafield tag="040" ind1=" " ind2=" ">
    <subfield code="a">DLC</subfield>
    <subfield code="b">eng</subfield>
    <subfield code="e">rda</subfield>
    <subfield code="c">DLC</subfield>
    <subfield code="d">DLC</subfield>
  </datafield>
  <datafield tag="110" ind1="1" ind2=" ">
    <subfield code="a">Pennsylvania.</subfield>
    <subfield code="b">Bureau of Special Education</subfield>
  </datafield>
  <datafield tag="410" ind1="1" ind2=" ">
    <subfield code="a">Pennsylvania.</subfield>
    <subfield code="b">Department of Education.</subfield>
    <subfield code="b">Bureau of Special Education</subfield>
  </datafield>
  <datafield tag="410" ind1="1" ind2=" ">
    <subfield code="a">Pennsylvania.</subfield>
    <subfield code="b">Department of Public Instruction.</subfield>
    <subfield code="b">Bureau of Special Education</subfield>
  </datafield>
  <datafield tag="410" ind1="1" ind2=" ">
    <subfield code="a">Pennsylvania.</subfield>
    <subfield code="b">Special Education, Bureau of</subfield>
  </datafield>
  <datafield tag="510" ind1="1" ind2=" ">
    <subfield code="w">a</subfield>
    <subfield code="a">Pennsylvania.</subfield>
    <subfield code="b">Bureau of Special Services for Pupils</subfield>
  </datafield>
  <datafield tag="510" ind1="1" ind2=" ">
    <subfield code="w">r</subfield>
    <subfield code="i">Hierarchical superior:</subfield>
    <subfield code="a">Pennsylvania.</subfield>
    <subfield code="b">Department of Education</subfield>
  </datafield>
  <datafield tag="510" ind1="1" ind2=" ">
    <subfield code="w">r</subfield>
    <subfield code="i">Hierarchical superior:</subfield>
    <subfield code="a">Pennsylvania.</subfield>
    <subfield code="b">Department of Public Instruction</subfield>
  </datafield>
  <datafield tag="670" ind1=" " ind2=" ">
    <subfield code="a">Its Manual for public ... 1967?</subfield>
  </datafield>
  <datafield tag="670" ind1=" " ind2=" ">
    <subfield code="a">Special education statistical summary, 1994-1995, 1995:</subfield>
    <subfield code="b">t.p. (Pennsylvania Department of Education, Bureau of Special Education)</subfield>
  </datafield>
</record>